%%% Pull in bibtex citations here

@misc{wiki1,
   author = "Wikipedia",
   title = "{List of common coordinate transformations} --- {W}ikipedia{,} The Free Encyclopedia",
   year = "2022",
   howpublished = {\url{http://en.wikipedia.org/w/index.php?title=List\%20of\%20common\%20coordinate\%20transformations&oldid=1083730166}},
   note = "[Online; accessed 25-May-2022]"
 }

@misc{Erricolo,
	author       = {Danilo Erricolo}, 
	title        = {N/A},
	howpublished = {Yet to be published},
	month        = tbd,
	year         = TBD,
	note         = {Chapter 10}
} 