%%% Pull in bibtex citations here

@book{carroll2003spacetime,
	added-at = {2010-01-21T15:47:21.000+0100},
	asin = {0805387323},
	author = {Carroll, Sean},
	biburl = {https://www.bibsonomy.org/bibtex/2a9db5ea9854d4856475d8a4254003365/random3f},
	description = {Spacetime and Geometry: An Introduction to General Relativity (9780805387322): Sean Carroll: Books},
	dewey = {530.11},
	ean = {9780805387322},
	interhash = {e69a446e3a84b681ad80f7979d7424a1},
	intrahash = {a9db5ea9854d4856475d8a4254003365},
	isbn = {0805387323},
	keywords = {GeneralRelativity Geometry books spacetime},
	publisher = {Benjamin Cummings},
	timestamp = {2010-01-21T15:47:21.000+0100},
	title = {Spacetime and Geometry: An Introduction to General Relativity},
	url = {http://www.amazon.com/Spacetime-Geometry-Introduction-General-Relativity/dp/0805387323},
	year = 2003
}

@Misc{Wiki:1,
   author = "Wikipedia",
   title = "{List of common coordinate transformations} --- {W}ikipedia{,} The Free Encyclopedia",
   year = "2022",
   howpublished = {\url{http://en.wikipedia.org/w/index.php?title=List\%20of\%20common\%20coordinate\%20transformations&oldid=1083730166}},
   note = "[Online; accessed 25-May-2022]"
}

@misc{wiki:Vector_fields_in_cylindrical_and_spherical_coordinates,
	author = "Wikipedia",
	title = "{Vector fields in cylindrical and spherical coordinates} --- {W}ikipedia{,} The Free Encyclopedia",
	year = "2022",
	howpublished = {\url{http://en.wikipedia.org/w/index.php?title=Vector\%20fields\%20in\%20cylindrical\%20and\%20spherical\%20coordinates&oldid=1074404760}},
	note = "[Online; accessed 12-June-2022]"
}


